@inproceedings{DBLP:conf/sat/EenB05,
  author    = {Niklas E{\'{e}}n and
               Armin Biere},
  title     = {Effective Preprocessing in {SAT} Through Variable and Clause Elimination},
  booktitle = {Theory and Applications of Satisfiability Testing, 8th International
               Conference, {SAT} 2005, St. Andrews, UK, June 19-23, 2005, Proceedings},
  pages     = {61--75},
  year      = {2005},
  crossref  = {DBLP:conf/sat/2005},
  url       = {http://dx.doi.org/10.1007/11499107_5},
  doi       = {10.1007/11499107_5},
  timestamp = {Mon, 06 Jun 2005 09:50:39 +0200},
  biburl    = {http://dblp.uni-trier.de/rec/bib/conf/sat/EenB05},
  bibsource = {dblp computer science bibliography, http://dblp.org}
}

@proceedings{DBLP:conf/sat/2005,
  editor    = {Fahiem Bacchus and
               Toby Walsh},
  title     = {Theory and Applications of Satisfiability Testing, 8th International
               Conference, {SAT} 2005, St. Andrews, UK, June 19-23, 2005, Proceedings},
  series    = {Lecture Notes in Computer Science},
  volume    = {3569},
  publisher = {Springer},
  year      = {2005},
  isbn      = {3-540-26276-8},
  timestamp = {Mon, 06 Jun 2005 09:50:39 +0200},
  biburl    = {http://dblp.uni-trier.de/rec/bib/conf/sat/2005},
  bibsource = {dblp computer science bibliography, http://dblp.org}
}

@inproceedings{DBLP:conf/sat/SoosNC09,
  author    = {Mate Soos and
               Karsten Nohl and
               Claude Castelluccia},
  title     = {Extending {SAT} Solvers to Cryptographic Problems},
  booktitle = {Theory and Applications of Satisfiability Testing - {SAT} 2009, 12th
               International Conference, {SAT} 2009, Swansea, UK, June 30 - July
               3, 2009. Proceedings},
  pages     = {244--257},
  year      = {2009},
  crossref  = {DBLP:conf/sat/2009},
  url       = {http://dx.doi.org/10.1007/978-3-642-02777-2_24},
  doi       = {10.1007/978-3-642-02777-2_24},
  timestamp = {Thu, 09 Jul 2009 07:43:48 +0200},
  biburl    = {http://dblp.uni-trier.de/rec/bib/conf/sat/SoosNC09},
  bibsource = {dblp computer science bibliography, http://dblp.org}
}

@proceedings{DBLP:conf/sat/2009,
  editor    = {Oliver Kullmann},
  title     = {Theory and Applications of Satisfiability Testing - {SAT} 2009, 12th
               International Conference, {SAT} 2009, Swansea, UK, June 30 - July
               3, 2009. Proceedings},
  series    = {Lecture Notes in Computer Science},
  volume    = {5584},
  publisher = {Springer},
  year      = {2009},
  url       = {http://dx.doi.org/10.1007/978-3-642-02777-2},
  doi       = {10.1007/978-3-642-02777-2},
  isbn      = {978-3-642-02776-5},
  timestamp = {Thu, 09 Jul 2009 07:41:51 +0200},
  biburl    = {http://dblp.uni-trier.de/rec/bib/conf/sat/2009},
  bibsource = {dblp computer science bibliography, http://dblp.org}
}

@INPROCEEDINGS{Okasaki98fastmergeable,
    author = {Chris Okasaki and Andrew Gill},
    title = {Fast Mergeable Integer Maps},
    booktitle = {In Workshop on ML},
    year = {1998},
    pages = {77--86},
    url = {http://citeseerx.ist.psu.edu/viewdoc/summary?doi=10.1.1.37.5452}
}